<record><leader>00000cas a2200000 a 4500</leader><controlfield tag="001">12146246</controlfield><controlfield tag="008">850612d18911897ksuwr ne      0    0eng d</controlfield><datafield ind1=" " ind2=" " tag="010"><subfield code="a">sn 85030449 </subfield></datafield><datafield ind1=" " ind2=" " tag="040"><subfield code="a">KSH</subfield><subfield code="b">eng</subfield><subfield code="c">KSH</subfield><subfield code="d">NPT</subfield><subfield code="d">OCL</subfield><subfield code="d">OCLCQ</subfield></datafield><datafield ind1=" " ind2=" " tag="042"><subfield code="a">msc</subfield></datafield><datafield ind1="0" ind2="0" tag="245"><subfield code="a">Council Grove courier.</subfield></datafield><datafield ind1=" " ind2=" " tag="260"><subfield code="a">Council Grove, Kan. :</subfield><subfield code="b">G.W. Coffin, Jr.,</subfield><subfield code="c">1891-1897.</subfield></datafield><datafield ind1=" " ind2=" " tag="300"><subfield code="a">6 v. :</subfield><subfield code="b">ill. (chiefly advertisements) ;</subfield><subfield code="c">49-65 cm.</subfield></datafield><datafield ind1=" " ind2=" " tag="310"><subfield code="a">Weekly</subfield></datafield><datafield ind1="0" ind2=" " tag="362"><subfield code="a">Vol. 3, no. 3 (Dec. 18, 1891)-v. 9, no. 3 (Dec. 10, 1897).</subfield></datafield><datafield ind1=" " ind2=" " tag="500"><subfield code="a">Published by: Padgett &amp; Coffin, May 5-Nov. 17, 1893; J.C. Padgett, Nov. 24-Dec. 8, 1893; Padgett &amp; DeWald, Dec. 15, 1893-Dec. 10, 1897.</subfield></datafield><datafield ind1=" " ind2=" " tag="500"><subfield code="a">"People's Party;" "Farmers' Alliance."</subfield></datafield><datafield ind1=" " ind2=" " tag="752"><subfield code="a">United States</subfield><subfield code="b">Kansas</subfield><subfield code="c">Morris</subfield><subfield code="d">Council Grove.</subfield></datafield><datafield ind1="0" ind2="4" tag="780"><subfield code="t">Dunlap courier</subfield><subfield code="w">(DLC)sn 85030481</subfield></datafield><datafield ind1="0" ind2="4" tag="780"><subfield code="t">Dwight independent</subfield><subfield code="w">(DLC)sn 85031615</subfield></datafield><datafield ind1="0" ind2="7" tag="785"><subfield code="t">Council Grove guard (Council Grove, Kan. : 1892)</subfield><subfield code="w">(DLC)sn 85030448</subfield></datafield><datafield ind1="0" ind2="7" tag="785"><subfield code="t">Courier-guard</subfield><subfield code="w">(DLC)sn 85030450</subfield></datafield></record>